|0000|006|0|||01032026|31032026|SOMPO SERVICES GESTAO DE RISCOS E VISTORIA LTDA|46206637000130|SP|3550308|000000000|00|1|
|0001|0|
|0100|MARCELO BATISTA DA SILVA|02829855736|RJ093224/O-1||04013001|RUA CUBATÃO|320|11º ANDAR|CENTRO|1131566767|1131561908|fiscal@maritima.com.br|3550308|
|0110|1|2|1||
|0111|0|0|0|0|0|
|0140|46206637000130|SOMPO SERVICES GESTAO DE RISCOS E VISTORIA LTDA|46206637000130|SP||3550308|2.116.583-1|000000000|
|0150|05370882000109|COOP DE TRANSP AUTONOMOS DE BENS DE SALTO E REGIAO|1058|05370882000109|||||||||
|0150|08152302000197|CENTRAL LOGISTICA DE TRANSPORTE LTDA|1058|08152302000197|||||||||
|0150|09395767000131|INTEGRA BRASIL TRANSPORTES LTDA|1058|09395767000131|||||||||
|0150|09446817000162|GOLDEN SAT|1058|09446817000162|||||||||
|0150|14457026000178|ZANIN TRANSPORTES E LOGISTICA LTDA|1058|14457026000178|||||||||
|0150|28759933000186|SENSITIVE TRANSPORTES LTDA ME|1058|28759933000186|||||||||
|0150|29260142000170|NAIK TRANSPORTE E L LTDA|1058|29260142000170|||||||||
|0150|30341404000100|ARK LOGISTICA  ASSESSORIA E TREINAMENTOS EM COMEX LTDA|1058|30341404000100|||||||||
|0150|32764816000188|SUNO DISTRIBUIDORA SOLAR LTDA|1058|32764816000188|||||||||
|0150|41607658000143|UNNI SOLUCOES LOGISTICAS LTDA|1058|41607658000143|||||||||
|0150|44120318000181|PC LOGISTICA LTDA|1058|44120318000181|||||||||
|0150|45916594000113|HE TRANSPORTES LTDA|1058|45916594000113|||||||||
|0150|53045500000106|TRANSPACKLOG TRANSPORTE DE CARGAS LTDA|1058|53045500000106|||||||||
|0150|55365607000167|EAGLE GROUP TECHNOLOGIES LOGISTICS E TRANSPORTS LTDA|1058|55365607000167|||||||||
|0150|57904437000177|TRANSPORTADORA ANDARILHO LTDA|1058|57904437000177|||||||||
|0150|57951895000167|ANSELMINI RODOVIARIO LTDA|1058|57951895000167|||||||||
|0150|58578490000198|TRILOG EXPRESS LTDA|1058|58578490000198|||||||||
|0190|UN|UNIDADE|
|0200|2018|FIC FI FUNDACOES RENDA FIXA|||UN|09|||99||0|
|0200|6621501|Serviço|||UN|09|||99||0|
|0200|JUROSSALDO NEGATIVO|JUROS SALDO NEGATIVO||||99||||||
|0500|01012012|04|A|6|3.2.4.01.002.00004|Creditos Financeiros|3.01.01.05.01.05||
|0500|01012012|04|A|6|4.1.1.01.001.00001|Prestação de Serviços|3.01.01.01.01.06||
|0500|01012012|04|A|6|361140001|FDO NEX VC (DPV) GAIN|||
|0500|01012012|04|A|6|36990099|OUTRAS RECEITAS FINANCEIRAS|||
|0500|01012012|04|A|6|36910001|JUROS S/CRED.TRIBUT|||
|0500|30122025|04|A|6|35199995|Receita Sompo Risk|||
|0990|34|
|A001|0|
|A010|46206637000130|
|A100|1|0|32764816000188|00|A||270||05032026|05032026|138,00|1||138,00|2,28|138,00|10,49|0|0||
|A170|1|6621501||138,00||||01|138,00|1,65|2,28|01|138,00|7,6|10,49|4.1.1.01.001.00001||
|A100|1|0|41607658000143|00|A||271||05032026|05032026|254,50|1||254,50|4,20|254,50|19,34|1,65|7,64||
|A170|1|6621501||254,50||||01|254,50|1,65|4,20|01|254,50|7,6|19,34|4.1.1.01.001.00001||
|A100|1|0|53045500000106|00|A||272||05032026|05032026|250,00|1||250,00|4,12|250,00|19,00|0|0||
|A170|1|6621501||250,00||||01|250,00|1,65|4,12|01|250,00|7,6|19,00|4.1.1.01.001.00001||
|A100|1|0|57904437000177|00|A||273||05032026|05032026|250,00|1||250,00|4,12|250,00|19,00|0|0||
|A170|1|6621501||250,00||||01|250,00|1,65|4,12|01|250,00|7,6|19,00|4.1.1.01.001.00001||
|A100|1|0|57951895000167|00|A||274||05032026|05032026|2804,50|1||2804,50|46,27|2804,50|213,14|18,23|84,14||
|A170|1|6621501||2804,50||||01|2804,50|1,65|46,27|01|2804,50|7,6|213,14|4.1.1.01.001.00001||
|A100|1|0|58578490000198|00|A||275||05032026|05032026|3588,00|1||3588,00|59,20|3588,00|272,69|23,32|107,64||
|A170|1|6621501||3588,00||||01|3588,00|1,65|59,20|01|3588,00|7,6|272,69|4.1.1.01.001.00001||
|A100|1|0|30341404000100|00|A||276||05032026|05032026|97,50|1||97,50|1,61|97,50|7,41|0|0||
|A170|1|6621501||97,50||||01|97,50|1,65|1,61|01|97,50|7,6|7,41|4.1.1.01.001.00001||
|A100|1|0|44120318000181|00|A||277||05032026|05032026|2907,50|1||2907,50|47,97|2907,50|220,97|18,90|87,23||
|A170|1|6621501||2907,50||||01|2907,50|1,65|47,97|01|2907,50|7,6|220,97|4.1.1.01.001.00001||
|A100|1|0|08152302000197|00|A||278||05032026|05032026|250,00|1||250,00|4,12|250,00|19,00|0|0||
|A170|1|6621501||250,00||||01|250,00|1,65|4,12|01|250,00|7,6|19,00|4.1.1.01.001.00001||
|A100|1|0|05370882000109|00|A||279||05032026|05032026|250,00|1||250,00|4,12|250,00|19,00|1,63|7,50||
|A170|1|6621501||250,00||||01|250,00|1,65|4,12|01|250,00|7,6|19,00|4.1.1.01.001.00001||
|A100|1|0|09395767000131|00|A||280||05032026|05032026|15298,00|1||15298,00|252,42|15298,00|1162,65|99,44|458,94||
|A170|1|6621501||15298,00||||01|15298,00|1,65|252,42|01|15298,00|7,6|1162,65|4.1.1.01.001.00001||
|A100|1|0|14457026000178|00|A||281||05032026|05032026|345,00|1||345,00|5,69|345,00|26,22|2,24|10,35||
|A170|1|6621501||345,00||||01|345,00|1,65|5,69|01|345,00|7,6|26,22|4.1.1.01.001.00001||
|A100|1|0|28759933000186|00|A||282||05032026|05032026|5651,00|1||5651,00|93,24|5651,00|429,48|36,73|169,53||
|A170|1|6621501||5651,00||||01|5651,00|1,65|93,24|01|5651,00|7,6|429,48|4.1.1.01.001.00001||
|A100|1|0|29260142000170|00|A||283||05032026|05032026|966,00|1||966,00|15,94|966,00|73,42|6,28|28,98||
|A170|1|6621501||966,00||||01|966,00|1,65|15,94|01|966,00|7,6|73,42|4.1.1.01.001.00001||
|A100|1|0|55365607000167|00|A||284||05032026|05032026|250,00|1||250,00|4,12|250,00|19,00|0|0||
|A170|1|6621501||250,00||||01|250,00|1,65|4,12|01|250,00|7,6|19,00|4.1.1.01.001.00001||
|A100|1|0|45916594000113|00|A||285||05032026|05032026|250,00|1||250,00|4,12|250,00|19,00|1,63|7,50||
|A170|1|6621501||250,00||||01|250,00|1,65|4,12|01|250,00|7,6|19,00|4.1.1.01.001.00001||
|A100|1|0|09446817000162|00|A||286||27032026|27032026|4605,80|1||4605,80|76,00|4605,80|350,04|29,94|138,17||
|A170|1|6621501||4605,80||||01|4605,80|1,65|76,00|01|4605,80|7,6|350,04|4.1.1.01.001.00001||
|A990|37|
|C001|1|
|C990|2|
|D001|1|
|D990|2|
|F001|0|
|F010|46206637000130|
|F100|1||2018|31032026|7276,93|02|7276,93|0,65|47,30|02|7276,93|4,00|291,08|||361140001|||
|F100|1||2018|31032026|8607,69|02|8607,69|0,65|55,95|02|8607,69|4,00|344,31|||36910001|||
|F100|1||2018|31032026|528,68|02|528,68|0,65|3,44|02|528,68|4,00|21,15|||36990099|||
|F600|03|05032026|250,00|9,13|5952|0|05370882000109|1,63|7,50|0|
|F600|03|05032026|15298,00|558,38|5952|0|09395767000131|99,44|458,94|0|
|F600|03|27032026|4605,80|168,11|5952|0|09446817000162|29,94|138,17|0|
|F600|03|05032026|345,00|12,59|5952|0|14457026000178|2,24|10,35|0|
|F600|03|05032026|5651,00|206,26|5952|0|28759933000186|36,73|169,53|0|
|F600|03|05032026|966,00|35,26|5952|0|29260142000170|6,28|28,98|0|
|F600|03|05032026|254,50|9,29|5952|0|41607658000143|1,65|7,64|0|
|F600|03|05032026|2907,50|106,13|5952|0|44120318000181|18,90|87,23|0|
|F600|03|05032026|250,00|9,13|5952|0|45916594000113|1,63|7,50|0|
|F600|03|05032026|2804,50|102,37|5952|0|57951895000167|18,23|84,14|0|
|F600|03|05032026|3588,00|130,96|5952|0|58578490000198|23,32|107,64|0|
|F990|17|
|I001|1|
|I990|2|
|M001|0|
|M200|736,26|0|0|736,26|736,26|0|0|0|0|0|0|0|
|M210|02|16413,30|16413,30|0|0|16413,30|0,65|0||106,69|0|0|0|0|106,69|
|M210|01|38155,80|38155,80|0|0|38155,80|1,65|0||629,57|0|0|0|0|629,57|
|M600|3556,38|0|0|3556,38|3556,38|0|0|0|0|0|0|0|
|M610|02|16413,30|16413,30|0|0|16413,30|4|0||656,54|0|0|0|0|656,54|
|M610|01|38155,80|38155,80|0|0|38155,80|7,6|0||2899,84|0|0|0|0|2899,84|
|M990|8|
|P001|1|
|P990|2|
|1001|0|
|1300|03|022026|14229,56|239,99|0|0|13989,57|
|1700|03|022026|70453,17|1107,62|0|0|69345,55|
|1990|4|
|9001|0|
|9900|0000|1|
|9900|0001|1|
|9900|0100|1|
|9900|0110|1|
|9900|0111|1|
|9900|0140|1|
|9900|0150|17|
|9900|0190|1|
|9900|0200|3|
|9900|0500|6|
|9900|0990|1|
|9900|1001|1|
|9900|1300|1|
|9900|1700|1|
|9900|1990|1|
|9900|9001|1|
|9900|9900|43|
|9900|9990|1|
|9900|9999|1|
|9900|A001|1|
|9900|A010|1|
|9900|A100|17|
|9900|A170|17|
|9900|A990|1|
|9900|C001|1|
|9900|C990|1|
|9900|D001|1|
|9900|D990|1|
|9900|F001|1|
|9900|F010|1|
|9900|F100|3|
|9900|F600|11|
|9900|F990|1|
|9900|I001|1|
|9900|I990|1|
|9900|M001|1|
|9900|M200|1|
|9900|M210|2|
|9900|M600|1|
|9900|M610|2|
|9900|M990|1|
|9900|P001|1|
|9900|P990|1|
|9990|46|
|9999|154|
