|0000|006|0|||01042026|30042026|SOMPO SERVICES GESTAO DE RISCOS E VISTORIA LTDA|46206637000130|SP|3550308|000000000|00|1|
|0001|0|
|0100|MARCELO BATISTA DA SILVA|02829855736|RJ093224/O-1||04013001|RUA CUBATÃO|320|11º ANDAR|CENTRO|1131566767|1131561908|fiscal@maritima.com.br|3550308|
|0110|1|2|1||
|0111|0|0|0|0|0|
|0140|46206637000130|SOMPO SERVICES GESTAO DE RISCOS E VISTORIA LTDA|46206637000130|SP||3550308|2.116.583-1|000000000|
|0150|05370882000109|COOP DE TRANSP AUTONOMOS DE BENS DE SALTO E REGIAO|1058|05370882000109|||||||||
|0150|05514753000139|PRIMESERV LOGISTICA E SERVICOS LTDA|1058|05514753000139|||||||||
|0150|08152302000197|CENTRAL LOGISTICA DE TRANSPORTE LTDA|1058|08152302000197|||||||||
|0150|08799020000186|ADM COMERCIO TRANSPORTES E RECICLAGEM DE METAIS LTDA|1058|08799020000186|||||||||
|0150|09395767000131|INTEGRA BRASIL TRANSPORTES LTDA|1058|09395767000131|||||||||
|0150|09446817000162|GOLDEN SAT|1058|09446817000162|||||||||
|0150|14457026000178|ZANIN TRANSPORTES E LOGISTICA LTDA|1058|14457026000178|||||||||
|0150|27562235000123|ALESSANDRO TRANSPORTES|1058|27562235000123|||||||||
|0150|28759933000186|SENSITIVE TRANSPORTES LTDA ME|1058|28759933000186|||||||||
|0150|29260142000170|NAIK TRANSPORTE E L LTDA|1058|29260142000170|||||||||
|0150|29543880000124|TRANSPORTADORA JJA LTDA|1058|29543880000124|||||||||
|0150|30341404000100|ARK LOGISTICA  ASSESSORIA E TREINAMENTOS EM COMEX LTDA|1058|30341404000100|||||||||
|0150|32764816000188|SUNO DISTRIBUIDORA SOLAR LTDA|1058|32764816000188|||||||||
|0150|32817557000106|A C PORTELA LTDA|1058|32817557000106|||||||||
|0150|38345653000185|CENTRAL LOGISTICA TRANSPORTES LTDA ME|1058|38345653000185|||||||||
|0150|39857410000199|SEVAL TRANSPORTES|1058|39857410000199|||||||||
|0150|41607658000143|UNNI SOLUCOES LOGISTICAS LTDA|1058|41607658000143|||||||||
|0150|44120318000181|PC LOGISTICA LTDA|1058|44120318000181|||||||||
|0150|47425731000142|PANTERA ALIMENTOS LTDA|1058|47425731000142|||||||||
|0150|53045500000106|TRANSPACKLOG TRANSPORTE DE CARGAS LTDA|1058|53045500000106|||||||||
|0150|55365607000167|EAGLE GROUP TECHNOLOGIES LOGISTICS E TRANSPORTS LTDA|1058|55365607000167|||||||||
|0150|57904437000177|TRANSPORTADORA ANDARILHO LTDA|1058|57904437000177|||||||||
|0150|57951895000167|ANSELMINI RODOVIARIO LTDA|1058|57951895000167|||||||||
|0150|58578490000198|TRILOG EXPRESS LTDA|1058|58578490000198|||||||||
|0190|UN|UNIDADE|
|0200|2018|FIC FI FUNDACOES RENDA FIXA|||UN|09|||99||0|
|0200|6621501|Serviço|||UN|09|||99||0|
|0200|JUROSSALDO NEGATIVO|JUROS SALDO NEGATIVO||||99||||||
|0500|01012012|04|A|6|3.2.4.01.002.00004|Creditos Financeiros|3.01.01.05.01.05||
|0500|01012012|04|A|6|4.1.1.01.001.00001|Prestação de Serviços|3.01.01.01.01.06||
|0500|01012012|04|A|6|361140001|FDO NEX VC (DPV) GAIN|||
|0500|01012012|04|A|6|36990099|OUTRAS RECEITAS FINANCEIRAS|||
|0500|01012012|04|A|6|36910001|JUROS S/CRED.TRIBUT|||
|0500|30122025|04|A|6|35199995|Receita Sompo Risk|||
|0990|41|
|A001|0|
|A010|46206637000130|
|A100|1|0|08152302000197|00|A||287||06042026|06042026|250,00|1||250,00|4,12|250,00|19,00|0|0||
|A170|1|6621501||250,00||||01|250,00|1,65|4,12|01|250,00|7,6|19,00|4.1.1.01.001.00001||
|A100|1|0|09395767000131|00|A||288||06042026|06042026|15102,50|1||15102,50|249,19|15102,50|1147,79|98,17|453,08||
|A170|1|6621501||15102,50||||01|15102,50|1,65|249,19|01|15102,50|7,6|1147,79|4.1.1.01.001.00001||
|A100|1|0|27562235000123|00|A||289||06042026|06042026|333,00|1||333,00|5,49|333,00|25,31|2,16|9,99||
|A170|1|6621501||333,00||||01|333,00|1,65|5,49|01|333,00|7,6|25,31|4.1.1.01.001.00001||
|A100|1|0|39857410000199|00|A||290||06042026|06042026|250,00|1||250,00|4,12|250,00|19,00|1,63|7,50||
|A170|1|6621501||250,00||||01|250,00|1,65|4,12|01|250,00|7,6|19,00|4.1.1.01.001.00001||
|A100|1|0|28759933000186|00|A||291||06042026|06042026|8232,50|1||8232,50|135,84|8232,50|625,67|53,51|246,98||
|A170|1|6621501||8232,50||||01|8232,50|1,65|135,84|01|8232,50|7,6|625,67|4.1.1.01.001.00001||
|A100|1|0|29260142000170|00|A||292||06042026|06042026|2022,00|1||2022,00|33,36|2022,00|153,67|13,14|60,66||
|A170|1|6621501||2022,00||||01|2022,00|1,65|33,36|01|2022,00|7,6|153,67|4.1.1.01.001.00001||
|A100|1|0|30341404000100|00|A||293||06042026|06042026|6621,50|1||6621,50|109,25|6621,50|503,23|43,04|198,65||
|A170|1|6621501||6621,50||||01|6621,50|1,65|109,25|01|6621,50|7,6|503,23|4.1.1.01.001.00001||
|A100|1|0|47425731000142|00|A||294||06042026|06042026|78,50|1||78,50|1,30|78,50|5,97|0|0||
|A170|1|6621501||78,50||||01|78,50|1,65|1,30|01|78,50|7,6|5,97|4.1.1.01.001.00001||
|A100|1|0|05370882000109|00|A||295||06042026|06042026|250,00|1||250,00|4,12|250,00|19,00|1,63|7,50||
|A170|1|6621501||250,00||||01|250,00|1,65|4,12|01|250,00|7,6|19,00|4.1.1.01.001.00001||
|A100|1|0|57951895000167|00|A||296||06042026|06042026|4346,00|1||4346,00|71,71|4346,00|330,30|28,25|130,38||
|A170|1|6621501||4346,00||||01|4346,00|1,65|71,71|01|4346,00|7,6|330,30|4.1.1.01.001.00001||
|A100|1|0|05514753000139|00|A||297||06042026|06042026|2127,00|1||2127,00|35,10|2127,00|161,65|13,83|63,81||
|A170|1|6621501||2127,00||||01|2127,00|1,65|35,10|01|2127,00|7,6|161,65|4.1.1.01.001.00001||
|A100|1|0|58578490000198|00|A||298||06042026|06042026|3312,00|1||3312,00|54,65|3312,00|251,71|21,53|99,36||
|A170|1|6621501||3312,00||||01|3312,00|1,65|54,65|01|3312,00|7,6|251,71|4.1.1.01.001.00001||
|A100|1|0|44120318000181|00|A||299||06042026|06042026|2020,00|1||2020,00|33,33|2020,00|153,52|13,13|60,60||
|A170|1|6621501||2020,00||||01|2020,00|1,65|33,33|01|2020,00|7,6|153,52|4.1.1.01.001.00001||
|A100|1|0|14457026000178|00|A||300||06042026|06042026|250,00|1||250,00|4,12|250,00|19,00|1,63|7,50||
|A170|1|6621501||250,00||||01|250,00|1,65|4,12|01|250,00|7,6|19,00|4.1.1.01.001.00001||
|A100|1|0|55365607000167|00|A||301||06042026|06042026|250,00|1||250,00|4,12|250,00|19,00|0|0||
|A170|1|6621501||250,00||||01|250,00|1,65|4,12|01|250,00|7,6|19,00|4.1.1.01.001.00001||
|A100|1|0|57904437000177|00|A||302||06042026|06042026|250,00|1||250,00|4,12|250,00|19,00|0|0||
|A170|1|6621501||250,00||||01|250,00|1,65|4,12|01|250,00|7,6|19,00|4.1.1.01.001.00001||
|A100|1|0|53045500000106|00|A||303||06042026|06042026|250,00|1||250,00|4,12|250,00|19,00|0|0||
|A170|1|6621501||250,00||||01|250,00|1,65|4,12|01|250,00|7,6|19,00|4.1.1.01.001.00001||
|A100|1|0|41607658000143|00|A||304||06042026|06042026|250,00|1||250,00|4,12|250,00|19,00|0|0||
|A170|1|6621501||250,00||||01|250,00|1,65|4,12|01|250,00|7,6|19,00|4.1.1.01.001.00001||
|A100|1|0|38345653000185|00|A||305||06042026|06042026|250,00|1||250,00|4,12|250,00|19,00|1,63|7,50||
|A170|1|6621501||250,00||||01|250,00|1,65|4,12|01|250,00|7,6|19,00|4.1.1.01.001.00001||
|A100|1|0|32764816000188|00|A||306||06042026|06042026|250,00|1||250,00|4,12|250,00|19,00|1,63|7,50||
|A170|1|6621501||250,00||||01|250,00|1,65|4,12|01|250,00|7,6|19,00|4.1.1.01.001.00001||
|A100|1|0|08799020000186|00|A||307||06042026|06042026|1881,50|1||1881,50|31,04|1881,50|142,99|12,23|56,45||
|A170|1|6621501||1881,50||||01|1881,50|1,65|31,04|01|1881,50|7,6|142,99|4.1.1.01.001.00001||
|A100|1|0|29543880000124|00|A||308||06042026|06042026|5658,00|1||5658,00|93,36|5658,00|430,01|36,78|169,74||
|A170|1|6621501||5658,00||||01|5658,00|1,65|93,36|01|5658,00|7,6|430,01|4.1.1.01.001.00001||
|A100|1|0|32817557000106|00|A||309||06042026|06042026|975,00|1||975,00|16,09|975,00|74,10|6,34|29,25||
|A170|1|6621501||975,00||||01|975,00|1,65|16,09|01|975,00|7,6|74,10|4.1.1.01.001.00001||
|A100|1|0|09446817000162|00|A||310||22042026|22042026|2559,73|1||2559,73|42,24|2559,73|194,54|16,64|76,79||
|A170|1|6621501||2559,73||||01|2559,73|1,65|42,24|01|2559,73|7,6|194,54|4.1.1.01.001.00001||
|A990|51|
|C001|1|
|C990|2|
|D001|1|
|D990|2|
|F001|0|
|F010|46206637000130|
|F100|1||2018|30042026|6578,34|02|6578,34|0,65|42,76|02|6578,34|4,00|263,13|||361140001|||
|F100|1||2018|30042026|4495,54|02|4495,54|0,65|29,22|02|4495,54|4,00|179,82|||36910001|||
|F100|1||2018|30042026|528,68|02|528,68|0,65|3,44|02|528,68|4,00|21,15|||36990099|||
|F600|03|06042026|250,00|9,13|5952|0|05370882000109|1,63|7,50|0|
|F600|03|06042026|1881,50|68,68|5952|0|08799020000186|12,23|56,45|0|
|F600|03|06042026|15102,50|551,25|5952|0|09395767000131|98,17|453,08|0|
|F600|03|06042026|250,00|9,13|5952|0|14457026000178|1,63|7,50|0|
|F600|03|06042026|8232,50|300,49|5952|0|28759933000186|53,51|246,98|0|
|F600|03|06042026|2022,00|73,80|5952|0|29260142000170|13,14|60,66|0|
|F600|03|06042026|6621,50|241,69|5952|0|30341404000100|43,04|198,65|0|
|F600|03|06042026|250,00|9,13|5952|0|32764816000188|1,63|7,50|0|
|F600|03|06042026|250,00|9,13|5952|0|38345653000185|1,63|7,50|0|
|F600|03|06042026|250,00|9,13|5952|0|39857410000199|1,63|7,50|0|
|F600|03|06042026|4346,00|158,63|5952|0|57951895000167|28,25|130,38|0|
|F990|17|
|I001|1|
|I990|2|
|M001|0|
|M200|1028,61|0|0|1028,61|1028,61|0|0|0|0|0|0|0|
|M210|02|11602,56|11602,56|0|0|11602,56|0,65|0||75,42|0|0|0|0|75,42|
|M210|01|57769,23|57769,23|0|0|57769,23|1,65|0||953,19|0|0|0|0|953,19|
|M600|4854,56|0|0|4854,56|4854,56|0|0|0|0|0|0|0|
|M610|02|11602,56|11602,56|0|0|11602,56|4|0||464,10|0|0|0|0|464,10|
|M610|01|57769,23|57769,23|0|0|57769,23|7,6|0||4390,46|0|0|0|0|4390,46|
|M990|8|
|P001|1|
|P990|2|
|1001|0|
|1300|03|032026|14229,56|75,42|0|0|14154,14|
|1700|03|032026|70453,17|464,10|0|0|69989,07|
|1990|4|
|9001|0|
|9900|0000|1|
|9900|0001|1|
|9900|0100|1|
|9900|0110|1|
|9900|0111|1|
|9900|0140|1|
|9900|0150|24|
|9900|0190|1|
|9900|0200|3|
|9900|0500|6|
|9900|0990|1|
|9900|1001|1|
|9900|1300|1|
|9900|1700|1|
|9900|1990|1|
|9900|9001|1|
|9900|9900|43|
|9900|9990|1|
|9900|9999|1|
|9900|A001|1|
|9900|A010|1|
|9900|A100|24|
|9900|A170|24|
|9900|A990|1|
|9900|C001|1|
|9900|C990|1|
|9900|D001|1|
|9900|D990|1|
|9900|F001|1|
|9900|F010|1|
|9900|F100|3|
|9900|F600|11|
|9900|F990|1|
|9900|I001|1|
|9900|I990|1|
|9900|M001|1|
|9900|M200|1|
|9900|M210|2|
|9900|M600|1|
|9900|M610|2|
|9900|M990|1|
|9900|P001|1|
|9900|P990|1|
|9990|46|
|9999|175|
